@inproceedings{Paajanen2009,
author = {Paajanen, P and Kaipia, T and Partanen, J},
booktitle = {20th International Conference and Exhibition on Electricity Distribution (CIRED 2009)},
doi = {10.1049/cp.2009.0925},
isbn = {0537-9989 VO -},
keywords = {building,domestic appliances,electrical products,power distribution economics},
mendeley-groups = {Thesis},
number = {0692},
pages = {1--4},
title = {{DC supply of low-voltage electricity appliances in residential buildings}},
url = {http://digital-library.theiet.org/content/conferences/10.1049/cp.2009.0925},
year = {2009}
}

@phdthesis{Donohue2014,
author = {Donohue, Steven},
file = {:C$\backslash$:/Users/David-Laptop/Dropbox/University - Current/Semester 2 2016/BEB801 Project 1/Research/2014{\_}Extra Low Voltage In-home Power Distribution and Storage ( 48vdc ).pdf:pdf},
pages = {1--83},
school = {Queensland University of Technology},
title = {{Extra Low Voltage In-home Power Distribution and Storage (48vdc)}},
type = {Undergraduate Thesis},
year = {2014}
}

@article{Liu2014,
author = {Liu, Zifa and Li, Mengyu},
doi = {10.1016/j.aasri.2014.05.031},
issn = {22126716},
journal = {AASRI Procedia},
keywords = {Calculation models,DC distribution system,Energy efficiency},
mendeley-groups = {Thesis},
pages = {68--74},
publisher = {Elsevier B.V.},
title = {{Research on Energy Efficiency of DC Distribution System}},
url = {http://www.sciencedirect.com/science/article/pii/S2212671614000328},
volume = {7},
year = {2014}
}

@article{Starke2008b,
author = {Starke, Michael and Tolbert, Leon M. and Ozpineci, Burak},
doi = {10.1109/TDC.2008.4517256},
isbn = {9781424419036},
journal = {Transmission and Distribution Exposition Conference: 2008 IEEE PES Powering Toward the Future, PIMS 2008},
keywords = {DC power systems,Losses,Power distribution,Power system modeling},
mendeley-groups = {Thesis},
number = {1},
pages = {1--7},
title = {{AC vs. DC distribution: A loss comparison}},
volume = {1},
year = {2008}
}

@article{Starke2008a,
author = {Starke, Michael and Li, Fangxing and Tolbert, Leon M. and Ozpineci, Burak},
doi = {10.1109/PES.2008.4596730},
file = {:home/dave/Downloads/04596730.pdf:pdf},
isbn = {9781424419067},
issn = {1932-5517},
journal = {IEEE Power and Energy Society 2008 General Meeting: Conversion and Delivery of Electrical Energy in the 21st Century, PES},
keywords = {Continuation power flow method,DC power systems,Maximum power transfer,Power distribution,Power system modeling},
mendeley-groups = {Thesis},
pages = {1--6},
title = {{AC vs. DC distribution: Maximum transfer capability}},
year = {2008}
}

@article{Salomonsson2007,
author = {Salomonsson, Daniel and Sannino, Ambra},
doi = {10.1109/TPWRD.2006.883024},
isbn = {0885-8977},
issn = {08858977},
journal = {IEEE Transactions on Power Delivery},
keywords = {DC power system,Electronic equipment,Emergency power supplies,Harmonic distortion,Power quality,Power system transients},
mendeley-groups = {Thesis},
number = {3},
pages = {1620--1627},
title = {{Low-voltage DC distribution system for commercial power systems with sensitive electronic loads}},
volume = {22},
year = {2007}
}

@misc{website:48VTelecomms,
title={48V DC For Telecommunications: Powering An Industry},
author={Herz, E},
urldate={2016-03-15},
year={2016},
note={http://resources.secamerica.com/48v-dc-for-telecommunications-powering-an-industry}
}

@article{Waldeck1998,
author = {Waldeck, Torsten and Busser, Michael and Dostert, Klaus},
isbn = {4972160845},
mendeley-groups = {Thesis},
pages = {1--5},
title = {{Telecommunication Application Over The Low Voltage Power Distribution Grid}},
year = {1998}
}

@article{Ribeiro2009,
author = {Ribeiro, E. F F and Cardoso, A. J Marques and Boccaletti, C. and Mendes, A. M S},
doi = {10.1109/ICCEP.2009.5212015},
isbn = {9781424425440},
journal = {2009 International Conference on Clean Electrical Power, ICCEP 2009},
mendeley-groups = {Thesis},
pages = {433--438},
title = {{Photovoltaic DC-DC converter for telecommunications energy systems}},
year = {2009}
}

@article{Amin2011,
title = {{Low voltage DC distribution system compared with 230 V AC}},
author = {Amin, M. and Arafat, Y. and Lundberg, S. and Mangold, S.},
journal = {2011 IEEE Electrical Power and Energy Conference, EPEC 2011},
doi = {10.1109/EPEC.2011.6070222},
pages = {340--345},
year = {2011}
}

@article{UnitedStatesDepartmentoftheInterior2000,
title = {{Methods for Coordinating System Protective Equipment}},
author = {{United States Department of the Interior}},
journal = {Facilities Instructions, Standards, and Techniques},
number = {December 1991},
volume = {3-9},
year = {2000}
}

@article{Active2015,
author = {Active, A Shunt and Filter, Power},
chapter = {3},
journal = {Quadrennial Technology Review 2015},
keywords = {Quadrennial Technology Review,Transmission and Di},
number = {January},
pages = {1--22},
publisher = {U.S. Department of Energy},
title = {{Transmission and Distribution Components}},
year = {2015}
}

@article{Baran2003,
author = {Baran, M.E. and Mahajan, N.R.},
doi = {10.1109/TIA.2003.818969},
isbn = {0093-9994 VO - 39},
issn = {0093-9994},
journal = {IEEE Transactions on Industry Applications},
mendeley-groups = {Thesis},
number = {6},
pages = {1596--1601},
title = {{DC distribution for industrial systems: opportunities and challenges}},
volume = {39},
year = {2003}
}

@inproceedings{Pillay2004,
address = {Dhaka, Bangladesh},
author = {Pillay, L and Karimov, Kh S},
booktitle = {3rd International Conference on Electrical {\&} Computer Engineering},
number = {December},
pages = {28--30},
publisher = {ICECE},
title = {{Photo-Voltaic System}},
year = {2004}
}

@inproceedings{Spooner2008,
author = {Spooner, E D and Wilmot, N},
booktitle = {3rd International Solar Energy Society},
keywords = {MPPT},
mendeley-groups = {Thesis},
number = {November},
pages = {1--9},
title = {{Safety issues, arcing and fusing in PV arrays}},
url = {http://auses.org.au/wp-content/uploads/425.pdf},
year = {2008}
}

@misc{website:DC-Arching,
title={DC Arc Faults and PV System Safety},
author={Dargatz, M},
urldate={2009-12-7},
year={2009},
note={http://www.renewableenergyworld.com/articles/2009/12/dc-arc-faults-and-pv-system-safety.html}
}

@article{Meckler2014,
author = {Meckler, Peter and Gerdinand, Frank and Weiss, Roland and Boeke, Ulrich and Mauder, Anton},
isbn = {9783800736249},
journal = {27th International Conference on Electrical Contacts, June 22 â€“ 26, 2014, Dresden, Germany},
mendeley-groups = {Thesis},
pages = {120--125},
title = {{Hybrid switches in protective devices for low-voltage DC grids at commercial used buildings}},
year = {2014}
}

@misc{website:ConvVsInverter,
title={Converter vs Inverter},
author={Diffen.com},
urldate={2016-9-3},
year={2016},
note={http://www.diffen.com/difference/Converter-vs-Inverter}
}

@book{textbook:Abu-Rub2014,
address = {West Sussex, UK},
author = {Abu-Rub, H and Malinowski, M and Al-Haddad, K},
isbn = {9781118634035},
mendeley-groups = {Thesis},
publisher = {John Wiley {\&} Sons Ltd},
title = {{Power Electronics For Renewable Energy Systes, Transportation and Industrial Appliactions}},
year = {2014}
}

@article{StandardsAustralia2007,
author = {{Standards Australia}},
doi = {10.1049/jiee-1.1907.0052},
issn = {2054-0612},
keywords = {processing},
mendeley-groups = {Thesis},
pages = {1--21},
title = {{AS/NZS 3000: Wiring Rules}},
year = {2007}
}

@article{StandardsAustralia2010,
author = {{Standards Australia}},
pages = {1--136},
title = {{AS/NZS 3008: Electrical Installations}},
year = {2010}
}

@article{StandardsAustralia2004,
author = {{Standards Australia}},
title = {{AS/NZS 3015: Electrical Installations of Extra Low Voltage DC Power Supplies and Service Earthing Within Public Telecommunications Networks}},
pages = {1--61},
year = {2004}
}

@article{Nelson2011,
author = {Nelson, Tim and Simshauser, Paul and Kelley, Simon},
doi = {10.1016/S0313-5926(11)50015-3},
issn = {03135926},
journal = {Economic Analysis and Policy},
mendeley-groups = {Thesis},
number = {2},
pages = {113--129},
publisher = {Elsevier Masson SAS},
title = {{Australian Residential Solar Feed-in-Tariffs: Industry Stimulus or Regressive Form of Taxation}},
url = {http://www.eap-journal.com/archive/v41{\_}i2{\_}01-nelson.pdf},
volume = {41},
year = {2011}
}

@misc{website:SolarChoice,
title={Which electricity retailer is giving the best solar feed in tariff?},
author={SolarChoice.net},
urldate={2016-9-1},
year={2016},
note={http://www.solarchoice.net.au/blog/which-electricity-retailer-is-giving-the-best-solar-feed-in-tariff/?Qld}
}

@article{AntoniouATzimasARowland2015,
author = {{Antoniou, A, Tzimas, A, Rowland}, S},
journal = {IET Generation, Transmission {\&} Distribution},
mendeley-groups = {Thesis},
number = {12},
pages = {1391--1401},
title = {{Transition from AC to DC Low-Voltage Distro Networks}},
volume = {9},
year = {2015}
}

@article{Koh2011,
author = {Koh, L. H. and Tan, Y. K. and Wang, Z. Z. and Tseng, K. J.},
doi = {10.1109/IECON.2011.6119610},
isbn = {9781612849720},
issn = {1553-572X},
journal = {IECON Proceedings (Industrial Electronics Conference)},
mendeley-groups = {Thesis},
number = {11},
pages = {2883--2888},
title = {{An energy-efficient low voltage DC grid powered smart LED lighting system}},
volume = {2},
year = {2011}
}

@misc{website:LED,
title={Lumens and Light Output},
author={EcoRevolution},
urldate={2016-9-4},
year={2016},
note={http://www.eco-revolution.com/lumens-and-light-output/}
}

@phdthesis{Foss2014,
author = {Foss, Aurora B{\o}hle},
mendeley-groups = {Thesis},
number = {June},
pages = {1--208},
school = {Norwegian University of Science and Technology},
title = {{DC Supply in Buildings}},
type = {Masters Paper},
year = {2014}
}

@article{Mendis2010,
author = {Mendis, Nishad and Muttaqi, K.M. and Sayeef, Saad and Perera, S.},
isbn = {9781424493807},
journal = {Energy Conference and Exhibition (EnergyCon), 2010 IEEE International},
mendeley-groups = {Thesis},
pages = {576--581},
title = {{Application of a hybrid energy storage in a remote area power supply system}},
url = {http://ieeexplore.ieee.org/xpls/abs{\_}all.jsp?arnumber=5771747},
year = {2010}
}

@article{Zahedi,
author = {Zahedi, A},
file = {:D$\backslash$:/David Petrie/Dropbox/University - Current/Semester 2 2016/BEB801 Project 1/Research/Unknown - Solar Battery Power Supply A Reliable Power Supply System for Nursing Clinic in Australia's Remote Areas.pdf:pdf},
mendeley-groups = {Thesis},
pages = {1911--1914},
title = {{Solar Battery Power Supply: A Reliable Power Supply System for Nursing Clinic in Australia's Remote Areas}}
}

@article{Lisy2015,
author = {Lisy, Sara Maly and Smrekar, Mirna},
doi = {10.1109/INTLEC.2015.7572360},
isbn = {9781479965823},
issn = {02750473},
mendeley-groups = {Thesis},
pages = {6--11},
title = {{Three Case Studies of Commercial Deployment of 400V DC Data and Telecom Centers in the EMEA Region}},
year = {2015}
}

@misc{website:Enphase,
title={Enphase Microinverters: What's underdeanth the panels makes all the difference},
author={Enphase},
urldate={2016-9-9},
year={2016},
note={https://enphase.com/en-au/products-and-services/microinverters}
}

@phdthesis{Pellis1997,
author = {Pellis, J},
mendeley-groups = {Thesis},
pages = {1--79},
school = {Eindhoven University of Technology},
title = {{The DC Low-Voltage House}},
year = {1997}
}

@article{StandardsAustralia2006_2,
author = {{Standards Australia}},
isbn = {0 7337 7264 1},
mendeley-groups = {Thesis},
title = {{Interior and workplace lighting Part 1 : General principles and recommendations}},
year = {2006}
}

@misc{website:triCAB,
title={Triangle Flexible LSZH Cables Issue 13.1 Australia},
author={TriCAB},
year={2009},
note={http://innovath.com/download/TriCAB%20Catalogue%2013%201(Aug09).pdf}
}

@book{Morley1990,
author = {Morley, Lloyd A},
file = {:D$\backslash$:/David.P/Dropbox/university{\_}current/final{\_}project/mendeley{\_}research/Morley - 1990 - Mine Power Systems.pdf:pdf},
issn = {00961914},
number = {1},
pages = {1--432},
publisher = {United States Department of the Interior: Bureau of Mines},
title = {{Mine Power Systems}},
volume = {1},
year = {1990}
}

@misc{website:ProQuest1,
title={ABB launches prefabricated DC rail substation},
author={PACE: Process and Control Engineer},
year={2015},
note={http://search.proquest.com.ezp01.library.qut.edu.au/docview/1692146095/fulltext/55E8DAA0D3D3409CPQ/1?accountid=13380}
}

@phdthesis{MicroInverterThesis,
author = {{Ranganatha, M; Sastry}, A},
file = {:D$\backslash$:/David.P/Dropbox/university{\_}current/final{\_}project/mendeley{\_}research/Ranganatha, M Sastry - 2015 - Solar Micro Inverter Modeling and Reliability.pdf:pdf},
number = {October},
school = {Arizona State Univeristy},
title = {{Solar Micro Inverter Modeling and Reliability}},
year = {2015}
}

@book{Haberlin2012,
address = {Switzerland},
author = {Haberlin, Heinrich},
editor = {Peel, Herbert},
file = {:D$\backslash$:/David.P/Dropbox/university{\_}current/final{\_}project/mendeley{\_}research/Haberlin - 2012 - Photovoltaics System Design and Practice.pdf:pdf},
isbn = {9781119992851},
publisher = {John Wiley {\&} Sons Ltd},
title = {{Photovoltaics System Design and Practice}},
year = {2012}
}

@misc{website:Pierlite1,
	title={Futcha LED},
	author={Pierlite},
	year={2016},
	note={http://www.pierlite.com/au/90221/futcha-led}
}

@misc{website:SuntechModule,
	title={Suntech STP250-20/Wd},
	author={Suntech},
	year={2012},
	note={http://www.energymatters.com.au/images/suntech/STP255Wd.pdf}
}

@misc{website:Tridonic1,
	title={Tridonic Fixed output DC/DC LED Drivers},
	author={Tridonic},
	year={2017},
	note={http://www.tridonic.com/com/en/products/led-talexx-converter-dc-dc-fo.asp}
}

@misc{website:Eaton1,
	title={Eaton General DC Circuit Breakers},
	author={Eaton},
	year={2014},
	note={http://www.eaton.com/Eaton/ProductsServices/Electrical/ProductsandServices/CircuitProtection/MoldedCaseCircuitBreakers/DCBreakers/General/index.htm}
}

@misc{website:Myers1,
	title={Myers Power Products, Inc DC Switchgear},
	author={Myers Power Products, Inc},
	year={2017},
	note={http://www.myerspowerproducts.com/index.php?option=comcontentview=categoryid=173Itemid=1116lang=en}
}

@misc{website:OffGridEnergy1,
	title={Batteries},
	author={Off-Grid Energy Australia},
	year={2015},
	note={http://www.offgridenergy.com.au/batteries/}
}

@misc{Tesla1,
	title={Powerwall},
	author={Tesla},
	year={2017},
	note={https://www.tesla.com/en\_AU/powerwall}
}

%% Unused %%














